<record><leader>00000cas a22000007a 4500</leader><controlfield tag="001">14120856</controlfield><controlfield tag="008">860821d18491850vaudr ne      0    0eng  </controlfield><datafield ind1=" " ind2=" " tag="010"><subfield code="a">sn 86071855 </subfield></datafield><datafield ind1=" " ind2=" " tag="040"><subfield code="a">DLC</subfield><subfield code="b">eng</subfield><subfield code="c">DLC</subfield><subfield code="d">CNK</subfield><subfield code="d">NVK</subfield><subfield code="d">OCL</subfield><subfield code="d">NVK</subfield><subfield code="d">OCLCO</subfield><subfield code="d">OCLCQ</subfield><subfield code="d">OCLCF</subfield></datafield><datafield ind1="1" ind2=" " tag="029"><subfield code="a">AU@</subfield><subfield code="b">000025793099</subfield></datafield><datafield ind1=" " ind2=" " tag="042"><subfield code="a">msc</subfield></datafield><datafield ind1=" " ind2=" " tag="043"><subfield code="a">n-us-va</subfield></datafield><datafield ind1="0" ind2="0" tag="050"><subfield code="a">Newspaper 10121</subfield></datafield><datafield ind1="0" ind2="0" tag="245"><subfield code="a">Daily Richmond times.</subfield></datafield><datafield ind1=" " ind2=" " tag="260"><subfield code="a">Richmond, Va. :</subfield><subfield code="b">W.C. Carrington &amp; W.H. Davis</subfield></datafield><datafield ind1=" " ind2=" " tag="300"><subfield code="a">v. :</subfield><subfield code="b">ill. ;</subfield><subfield code="c">61 cm.</subfield></datafield><datafield ind1=" " ind2=" " tag="310"><subfield code="a">Daily</subfield></datafield><datafield ind1="1" ind2=" " tag="362"><subfield code="a">Began in 1849; ceased in 1850.</subfield></datafield><datafield ind1=" " ind2=" " tag="500"><subfield code="a">Two issues for Dec. 13, 1850: A four page issue includes the governor's message, a single page issue includes the President's message.</subfield></datafield><datafield ind1=" " ind2=" " tag="580"><subfield code="a">Also issued in a semiweekly ed. called: Richmond times, &lt;1844-1849&gt; ; and Richmond semi-weekly times, &lt;1849-1850&gt;.</subfield></datafield><datafield ind1=" " ind2=" " tag="588"><subfield code="a">Description based on: Vol. 74, no. 126 (May 26, 1849).</subfield></datafield><datafield ind1=" " ind2="0" tag="651"><subfield code="a">Richmond (Va.)</subfield><subfield code="v">Newspapers.</subfield></datafield><datafield ind1=" " ind2="7" tag="655"><subfield code="a">Newspapers.</subfield><subfield code="2">fast</subfield><subfield code="0">(OCoLC)fst01423814</subfield></datafield><datafield ind1=" " ind2="7" tag="651"><subfield code="a">Virginia</subfield><subfield code="z">Richmond.</subfield><subfield code="2">fast</subfield><subfield code="0">(OCoLC)fst01205345</subfield></datafield><datafield ind1=" " ind2=" " tag="752"><subfield code="a">United States</subfield><subfield code="b">Virginia</subfield><subfield code="d">Richmond.</subfield></datafield><datafield ind1="1" ind2=" " tag="775"><subfield code="t">Richmond times (Richmond, Va. : 1844)</subfield><subfield code="w">(DLC)sn 86071856</subfield></datafield><datafield ind1="1" ind2=" " tag="775"><subfield code="t">Richmond semi-weekly times (Richmond, Va.)</subfield><subfield code="w">(DLC)sn 94060040</subfield></datafield><datafield ind1="0" ind2="0" tag="780"><subfield code="t">Times and compiler</subfield><subfield code="w">(DLC)sn 91066171</subfield></datafield><datafield ind1="0" ind2="0" tag="785"><subfield code="t">Richmond daily times</subfield><subfield code="w">(DLC)sn 84024692</subfield></datafield></record>